@book{mitchell,
author="Tom M. Mitchell",
title="Machine Learning",
publisher="McGraw-Hill",
year="1997",
address="New York",
}
